<record><leader>00000cas a2200000 a 4500</leader><controlfield tag="001">9612036</controlfield><controlfield tag="008">830616d18081827wvuwr ne      0    0eng c</controlfield><datafield ind1=" " ind2=" " tag="010"><subfield code="a">sn 83025563 </subfield></datafield><datafield ind1=" " ind2=" " tag="040"><subfield code="a">NPV</subfield><subfield code="b">eng</subfield><subfield code="c">NPV</subfield><subfield code="d">NPX</subfield><subfield code="d">NPV</subfield><subfield code="d">NPA</subfield><subfield code="d">WVC</subfield><subfield code="d">DLC</subfield><subfield code="d">NJW</subfield><subfield code="d">DLC</subfield><subfield code="d">KNP</subfield><subfield code="d">NVK</subfield><subfield code="d">OCL</subfield><subfield code="d">NVK</subfield><subfield code="d">OCL</subfield><subfield code="d">CVF</subfield><subfield code="d">IUL</subfield><subfield code="d">NYS</subfield><subfield code="d">DLC</subfield><subfield code="d">KRTAS</subfield><subfield code="d">CUI</subfield><subfield code="d">OCLCQ</subfield><subfield code="d">OCLCF</subfield><subfield code="d">OCLCO</subfield></datafield><datafield ind1="1" ind2=" " tag="029"><subfield code="a">AU@</subfield><subfield code="b">000041709396</subfield></datafield><datafield ind1=" " ind2=" " tag="042"><subfield code="a">pcc</subfield></datafield><datafield ind1=" " ind2=" " tag="043"><subfield code="a">n-us-wv</subfield></datafield><datafield ind1="0" ind2="0" tag="050"><subfield code="a">Newspaper 10185</subfield></datafield><datafield ind1=" " ind2="4" tag="050"><subfield code="a">AN</subfield></datafield><datafield ind1="0" ind2="0" tag="245"><subfield code="a">Farmers' repository.</subfield></datafield><datafield ind1="1" ind2="3" tag="246"><subfield code="a">Repository</subfield></datafield><datafield ind1=" " ind2=" " tag="260"><subfield code="a">Charles Town, Va. [W. Va.] :</subfield><subfield code="b">Williams and Brown,</subfield><subfield code="c">1808-1827.</subfield></datafield><datafield ind1=" " ind2=" " tag="300"><subfield code="a">19 v. ;</subfield><subfield code="c">48-51 cm.</subfield></datafield><datafield ind1=" " ind2=" " tag="310"><subfield code="a">Weekly</subfield></datafield><datafield ind1="0" ind2=" " tag="362"><subfield code="a">Vol. 1, no. 1 (Apr. 1, 1808)-v. 19, no. 986 (Feb. 28, 1827).</subfield></datafield><datafield ind1=" " ind2=" " tag="500"><subfield code="a">Published by Richard Williams, Apr. 7, 1809-Feb. 28, 1827.</subfield></datafield><datafield ind1=" " ind2=" " tag="530"><subfield code="a">Available on microfilm from: Readex Microprint Corp., the Library of Congress, Photoduplication Service, and filmed for the Library of Virginia by Micro Photo.</subfield></datafield><datafield ind1=" " ind2=" " tag="580"><subfield code="a">Merged with: Virginia free press (Harper's Ferry, Va.); to form: Virginia free press &amp; farmers' repository.</subfield></datafield><datafield ind1=" " ind2="0" tag="651"><subfield code="a">Charles Town (W. Va.)</subfield><subfield code="v">Newspapers.</subfield></datafield><datafield ind1=" " ind2="0" tag="651"><subfield code="a">Charleston (W. Va.)</subfield><subfield code="v">Newspapers.</subfield></datafield><datafield ind1=" " ind2="0" tag="651"><subfield code="a">Jefferson County (W. Va.)</subfield><subfield code="v">Newspapers.</subfield></datafield><datafield ind1=" " ind2="7" tag="655"><subfield code="a">Newspapers.</subfield><subfield code="2">fast</subfield><subfield code="0">(OCoLC)fst01423814</subfield></datafield><datafield ind1=" " ind2="7" tag="651"><subfield code="a">West Virginia</subfield><subfield code="z">Charles Town.</subfield><subfield code="2">fast</subfield><subfield code="0">(OCoLC)fst01217935</subfield></datafield><datafield ind1=" " ind2="7" tag="651"><subfield code="a">West Virginia</subfield><subfield code="z">Charleston.</subfield><subfield code="2">fast</subfield><subfield code="0">(OCoLC)fst01213401</subfield></datafield><datafield ind1=" " ind2="7" tag="651"><subfield code="a">West Virginia</subfield><subfield code="z">Jefferson County.</subfield><subfield code="2">fast</subfield><subfield code="0">(OCoLC)fst01211991</subfield></datafield><datafield ind1="1" ind2=" " tag="700"><subfield code="a">Brown, William.</subfield></datafield><datafield ind1=" " ind2=" " tag="752"><subfield code="a">United States</subfield><subfield code="b">West Virginia</subfield><subfield code="c">Jefferson</subfield><subfield code="d">Charleston.</subfield></datafield><datafield ind1="0" ind2="8" tag="776"><subfield code="i">Online version:</subfield><subfield code="t">Farmers' repository (Online)</subfield><subfield code="w">(OCoLC)122257894</subfield></datafield><datafield ind1="1" ind2="7" tag="785"><subfield code="t">Virginia free press (Harper's Ferry, Va.)</subfield><subfield code="w">(DLC)sn 84037835</subfield><subfield code="w">(OCoLC)11070746</subfield></datafield><datafield ind1="1" ind2="7" tag="785"><subfield code="t">Virginia free press &amp; farmers' repository</subfield><subfield code="w">(DLC)sn 84024746</subfield><subfield code="w">(OCoLC)11080675</subfield></datafield><datafield ind1=" " ind2=" " tag="938"><subfield code="a">Kirtas Technologies, Inc.</subfield><subfield code="b">KRTS</subfield><subfield code="n">736893</subfield></datafield></record>